Date,Price,Amount,Transaction,Type,Decision
1540909516,23203.1175,0.0053,2786677,1,0
1540909547,23203.14,0.01705,2786678,1,0
1540924654,23345.99009,0.01871842,2787351,0,1
1540924734,23345.99009,0.02141695,2787352,0,1
1540909623,23203.00027,0.00429685,2786681,1,0
1540909623,23203.00024,0.00958315,2786682,1,0
1540925001,23345.99009,0.04381475,2787355,0,1
1540909997,23349.99998,0.0021421,2786723,0,1
1540910020,23349.99998,0.00484738,2786724,0,1
1540910020,23350.0,0.00018786,2786725,0,1
1540910045,23350.0,0.00081214,2786726,0,1
1540923347,23350.0,0.00197381,2787287,0,1
1540923361,23350.0,0.00042827,2787289,0,1
1540923378,23350.0,0.00028774,2787291,0,1
1540909881,23379.99999,0.0213858,2786715,0,1
1540909646,23390.86799,0.01759802,2786683,0,1
1540909646,23390.868,0.08,2786684,0,1
1540909646,23390.88393,0.00437015,2786685,0,1
1540916067,23392.98,0.00485539,2787008,0,1
1540909758,23300.00009,0.01513454,2786696,1,0
1540909758,23300.00008,0.0481,2786697,1,0
1540909758,23300.0,0.01,2786698,1,0
1540909758,23300.0,0.001,2786699,1,0
1540909758,23280.0,0.001,2786700,1,0
1540909758,23220.0,0.4,2786701,1,0
1540909758,23219.0,0.04157,2786702,1,0
1540909758,23208.3,0.01,2786703,1,0
1540909758,23204.0,0.06089,2786704,1,0
1540909758,23203.0,0.06464,2786705,1,0
1540909758,23202.0,0.00337,2786706,1,0
1540909758,23201.99001,0.00156053,2786707,1,0
1540909758,23201.99,0.19058493,2786708,1,0
1540909646,23394.99998,0.004007,2786686,0,1
1540909646,23395.0,0.00997,2786687,0,1
1540909580,23395.69175,0.01496002,2786680,0,1
1540909559,23395.69178,0.00427429,2786679,0,1
1540909867,23202.55001,0.02632479,2786713,1,0
1540909867,23201.99,0.00061521,2786714,1,0
1540909646,23398.0,0.04138,2786688,0,1
1540909904,23203.00001,0.01288996,2786716,1,0
1540909904,23203.0,0.00780072,2786717,1,0
1540909904,23202.875,0.00110932,2786718,1,0
1540909908,23202.9,0.09889,2786719,1,0
1540909908,23202.87503,0.00439233,2786720,1,0
1540909908,23201.99,0.05752767,2786721,1,0
1540909918,23201.99,0.05,2786722,1,0
1540910045,23398.0,0.04145,2786727,0,0
1540910045,23398.99993,0.00437915,2786728,0,0
1540910045,23399.0,0.13462759,2786729,0,0
1540910165,23399.0,0.01069,2786733,0,0
1540910174,23399.0,0.04482081,2786734,0,0
1540909646,23400.0,0.20985049,2786689,0,0
1540910174,23400.0,0.001,2786735,0,0
1540910089,23360.0,0.01455,2786730,1,0
1540910091,23360.0,0.02783,2786731,1,0
1540910101,23360.0,0.002,2786732,1,0
1540915924,23400.0,0.08547,2787001,0,0
1540915982,23400.0,0.02136752,2787003,0,0
1540916041,23400.0,0.00600364,2787004,0,0
1540916836,23400.0,0.001,2787031,0,0
1540916854,23400.0,0.00854701,2787032,0,0
1540916878,23400.0,0.12820513,2787033,0,0
1540916897,23400.0,0.0042735,2787034,0,0
1540916987,23400.0,0.04156436,2787035,0,0
1540927121,23400.0,0.001,2787448,0,0
1540910226,23360.0,0.06766,2786742,1,0
1540909782,23410.0,0.01,2786709,0,0
1540910174,23420.0,0.01,2786736,0,0
1540909646,23433.56,0.00129552,2786690,0,0
1540910358,23360.0,0.02346,2786746,1,0
1540910358,23225.25,0.05444,2786747,1,0
1540909783,23439.99999,0.0181153,2786710,0,0
1540909783,23440.0,0.01,2786711,0,0
1540909646,23441.0,0.015899,2786691,0,0
1540909646,23442.9,0.3,2786692,0,0
1540909646,23443.33369,0.0654986,2786693,0,0
1540926952,23445.99,0.00286467,2787438,0,0
1540909646,23447.89989,0.0399999,2786694,0,0
1540909646,23449.0,0.06396166,2786695,0,0
1540909783,23449.0,0.00242558,2786712,0,0
1540910174,23449.0,0.00041256,2786737,0,0
1540910442,23420.0,0.001,2786758,1,0
1540910442,23360.0,0.001,2786759,1,0
1540910442,23237.125,0.04255,2786760,1,0
1540910174,23449.98989,0.05048888,2786738,0,0
1540910180,23449.98989,0.04951112,2786739,0,0
1540910548,23499.0,0.001,2786763,1,0
1540912154,23458.26999,0.02089461,2786841,0,0
1540910566,23499.0,0.00104,2786765,1,0
1540912082,23459.15993,0.00191424,2786838,0,0
1540912082,23459.15999,0.00229733,2786839,0,0
1540910750,23499.0,0.38790711,2786768,1,0
1540910768,23400.0,0.00498,2786769,1,0
1540910770,23400.0,0.01225,2786770,1,0
1540910180,23459.31,0.001,2786740,0,0
1540910850,23400.0,0.00296,2786772,1,0
1540912154,23460.0,0.001,2786842,0,0
1540916987,23460.0,0.0081647,2787036,0,0
1540910913,23400.0,0.0174,2786775,1,0
1540910180,23473.86,0.00066054,2786741,0,0
1540910316,23473.86,0.00325188,2786743,0,0
1540912030,23479.73,0.0004259,2786837,0,0
1540912154,23480.0,0.01,2786843,0,0
1540912154,23480.0,0.001,2786844,0,0
1540914470,23485.85,0.0024925,2786925,0,0
1540914695,23485.85,0.00283148,2786939,0,0
1540911196,23400.0,0.00514505,2786783,1,0
1540911196,23360.0,0.001,2786784,1,0
1540911196,23270.925,0.02,2786785,1,0
1540911196,23270.90003,0.00365495,2786786,1,0
1540911216,23498.9,0.001,2786787,1,0
1540910837,23490.0,0.00425713,2786771,0,0
1540910900,23490.0,0.00571287,2786773,0,0
1540915497,23490.0,0.02128565,2786978,0,0
1540915558,23490.0,0.00042571,2786979,0,0
1540915617,23490.0,0.00535464,2786980,0,0
1540911826,23490.95,0.005982,2786823,0,0
1540911303,23498.9,0.07259,2786794,1,0
1540915718,23491.95,0.00503524,2786983,0,0
1540916041,23491.95,0.00081353,2787005,0,0
1540911373,23498.9,0.47524,2786797,1,0
1540911373,23270.90008,0.02885333,2786798,1,0
1540911373,23270.12501,0.001,2786799,1,0
1540911373,23266.0,0.04119,2786800,1,0
1540911373,23266.0,0.29883667,2786801,1,0
1540916041,23491.95,0.0081673,2787006,0,0
1540918472,23491.95,0.00363905,2787097,0,0
1540914367,23492.95,0.00596206,2786922,0,0
1540911463,23266.17,0.00339,2786805,1,0
1540911512,23266.37001,0.00278,2786806,1,0
1540914584,23492.95,0.00312061,2786935,0,0
1540915066,23492.95,0.00232301,2786953,0,0
1540915281,23492.95,0.00127698,2786967,0,0
1540915291,23492.95,0.0046452,2786968,0,0
1540915431,23492.95,0.00591221,2786976,0,0
1540918199,23492.95,0.00562308,2787091,0,0
1540911569,23266.92003,0.00440445,2786813,1,0
1540911569,23266.92001,0.0277853,2786814,1,0
1540911569,23266.62005,0.02883418,2786815,1,0
1540911550,23493.93,0.00337983,2786807,0,0
1540911753,23329.33,0.006,2786817,1,0
1540911753,23320.0,0.001,2786818,1,0
1540911753,23300.0,0.001,2786819,1,0
1540911753,23270.17501,0.00211584,2786820,1,0
1540911753,23270.0,0.00304416,2786821,1,0
1540911550,23493.99999,0.00513299,2786808,0,0
1540911556,23493.99999,0.01120196,2786809,0,0
1540911556,23494.0,0.04106,2786810,0,0
1540911556,23495.0,0.29794016,2786811,0,0
1540912541,23497.8,0.01401653,2786864,0,0
1540912363,23497.82,0.01462928,2786852,0,0
1540912363,23497.88,0.00335659,2786853,0,0
1540912164,23497.97999,0.00367602,2786846,0,0
1540912184,23497.97999,0.01604944,2786850,0,0
1540912164,23497.98,0.0176024,2786847,0,0
1540912184,23497.98,0.03501878,2786851,0,0
1540911937,23380.0,0.001,2786833,1,0
1540911937,23280.75,0.00113,2786834,1,0
1540911977,23282.03,0.06388,2786835,1,0
1540912012,23284.00003,0.00192,2786836,1,0
1540911826,23497.99736,0.00189059,2786824,0,0
1540911770,23497.99744,0.00250064,2786822,0,0
1540911728,23497.99788,0.00212784,2786816,0,0
1540912089,23284.0,0.00212,2786840,1,0
1540911425,23497.99999,0.00425568,2786804,0,0
1540911826,23497.99999,0.00489625,2786825,0,0
1540911855,23497.99999,0.00425568,2786826,0,0
1540911865,23497.99999,0.01017108,2786827,0,0
1540911868,23497.99999,0.00212784,2786828,0,0
1540911874,23497.99999,0.00729683,2786829,0,0
1540911556,23498.0,0.07541295,2786812,0,0
1540912178,23286.65001,0.0162,2786848,1,0
1540912182,23288.16,0.004,2786849,1,0
1540911874,23498.0,0.72383705,2786830,0,0
1540912154,23498.0,0.00205254,2786845,0,0
1540912364,23498.0,0.00331322,2786854,0,0
1540912395,23498.0,0.00209424,2786855,0,0
1540916987,23498.0,0.01702273,2787037,0,0
1540921467,23498.0,0.05208,2787195,0,0
1540910359,23498.8883,0.005,2786748,0,0
1540910369,23498.88879,0.01170019,2786750,0,0
1540912473,23400.0,0.001,2786858,1,0
1540912473,23400.0,0.00213675,2786859,1,0
1540912473,23296.08,0.00337551,2786860,1,0
1540912473,23292.475,0.09348774,2786861,1,0
1540912506,23298.35,0.016,2786862,1,0
1540912535,23380.0,0.00887,2786863,1,0
1540910369,23498.88879,0.01808845,2786751,0,0
1540910399,23498.88879,0.02986725,2786752,0,0
1540910316,23498.8888,0.06054183,2786744,0,0
1540912660,23380.98,0.02689,2786867,1,0
1540910327,23498.8888,0.0425552,2786745,0,0
1540910359,23498.8888,0.00776656,2786749,0,0
1540912820,23385.0,0.02565,2786870,1,0
1540912820,23380.98,0.00202,2786871,1,0
1540912820,23380.98,0.00213849,2786872,1,0
1540912820,23380.0,0.02164151,2786873,1,0
1540910399,23498.8888,0.11913641,2786753,0,0
1540912853,23380.0,0.07442,2786875,1,0
1540910399,23498.8989,0.2369,2786754,0,0
1540911279,23498.99,0.04044092,2786790,0,0
1540911228,23498.99993,0.00364398,2786788,0,0
1540912933,23380.0,0.01075,2786879,1,0
1540911389,23498.99999,0.001,2786802,0,0
1540912960,23380.0,0.12,2786881,1,0
1540911408,23498.99999,0.008511,2786803,0,0
1540910485,23499.0,0.00101711,2786761,0,0
1540910524,23499.0,0.03560289,2786762,0,0
1540910900,23499.0,0.00194922,2786774,0,0
1540913081,23380.0,0.0013,2786886,1,0
1540910921,23499.0,0.07865367,2786776,0,0
1540910921,23499.0,0.00453341,2786777,0,0
1540910921,23499.0,0.00192292,2786778,0,0
1540910991,23499.0,0.0297885,2786779,0,0
1540910994,23499.0,0.0212775,2786780,0,0
1540911106,23499.0,0.00212775,2786781,0,0
1540911164,23499.0,0.01063875,2786782,0,0
1540911228,23499.0,0.17508703,2786789,0,0
1540911279,23499.0,0.14648755,2786791,0,0
1540911279,23499.0,0.025,2786792,0,0
1540911279,23499.0,0.00084656,2786793,0,0
1540911313,23499.0,0.00553215,2786795,0,0
1540911371,23499.0,0.00424,2786796,0,0
1540911874,23499.0,0.11999781,2786831,0,0
1540913411,23380.0,0.02919,2786901,1,0
1540913454,23380.0,0.00864,2786902,1,0
1540911882,23499.0,0.05107196,2786832,0,0
1540912395,23499.0,0.01918335,2786856,0,0
1540912411,23499.0,0.00212775,2786857,0,0
1540912541,23499.0,0.02853919,2786865,0,0
1540913693,23380.0,0.02171,2786907,1,0
1540913914,23380.0,0.05196,2786908,1,0
1540913922,23380.0,0.2995,2786909,1,0
1540912561,23499.0,0.0382995,2786866,0,0
1540912686,23499.0,0.0042555,2786868,0,0
1540912751,23499.0,0.08511,2786869,0,0
1540914056,23380.0,0.01635,2786913,1,0
1540914068,23380.0,0.02128075,2786914,1,0
1540914135,23380.989,0.02153,2786915,1,0
1540912838,23499.0,0.01549002,2786874,0,0
1540914264,23395.02,0.00598,2786917,1,0
1540914264,23381.0,0.04869,2786918,1,0
1540914314,23381.0,0.00108529,2786919,1,0
1540914323,23381.0,0.00368,2786920,1,0
1540914361,23381.0,0.022,2786921,1,0
1540912866,23499.0,0.00212775,2786876,0,0
1540912868,23499.0,0.01063,2786877,0,0
1540914422,23390.35,0.0025,2786924,1,0
1540912922,23499.0,0.00297885,2786878,0,0
1540912939,23499.0,0.01046811,2786880,0,0
1540912974,23499.0,0.00212775,2786882,0,0
1540912996,23499.0,0.01007049,2786883,0,0
1540913038,23499.0,0.00468105,2786884,0,0
1540914523,23399.71,0.0025,2786930,1,0
1540914523,23390.35,0.00063,2786931,1,0
1540914529,23390.35,0.00284,2786932,1,0
1540914529,23381.0,0.10861,2786933,1,0
1540914550,23381.0,0.00442,2786934,1,0
1540913039,23499.0,0.020469,2786885,0,0
1540913098,23499.0,0.008511,2786887,0,0
1540913100,23499.0,0.00872378,2786888,0,0
1540913113,23499.0,0.01063875,2786889,0,0
1540913127,23499.0,0.0031722,2786890,0,0
1540913127,23499.0,0.13070748,2786891,0,0
1540913127,23499.0,0.03414421,2786892,0,0
1540913127,23499.0,0.005,2786893,0,0
1540915389,23499.0,0.0025533,2786975,0,0
1540915431,23499.0,0.00757925,2786977,0,0
1540915662,23499.0,0.00589,2786982,0,0
1540916346,23499.0,0.042555,2787021,0,0
1540916352,23499.0,0.00384,2787022,0,0
1540916434,23499.0,0.00233635,2787023,0,0
1540916539,23499.0,0.01007049,2787025,0,0
1540916723,23499.0,0.0034044,2787028,0,0
1540914934,23428.25,0.00233,2786951,1,0
1540916759,23499.0,0.00426,2787029,0,0
1540916987,23499.0,0.14081899,2787038,0,0
1540918472,23499.0,0.0207,2787098,0,0
1540913127,23499.9,0.00195,2786894,0,0
1540910399,23499.96,0.09110772,2786755,0,0
1540925001,23499.99645,0.0110878,2787356,0,0
1540924553,23499.99987,0.00650995,2787346,0,0
1540924553,23499.99988,0.00412835,2787347,0,0
1540910399,23500.0,0.37407075,2786756,0,0
1540915263,23449.38,0.00232,2786961,1,0
1540915263,23440.0,0.01,2786962,1,0
1540915263,23428.25,0.0005,2786963,1,0
1540915263,23418.88,0.0013,2786964,1,0
1540915263,23390.35,0.00312,2786965,1,0
1540915263,23387.0,0.00389,2786966,1,0
1540910399,23500.0,0.03688,2786757,0,0
1540910565,23500.0,0.00212766,2786764,0,0
1540910627,23500.0,0.04255362,2786766,0,0
1540910738,23500.0,0.01276638,2786767,0,0
1540913127,23500.0,0.25373746,2786895,0,0
1540913163,23500.0,0.00426,2786896,0,0
1540915332,23396.35,0.00593,2786973,1,0
1540915332,23387.0,0.00207,2786974,1,0
1540913208,23500.0,0.2108,2786897,0,0
1540913367,23500.0,0.00212766,2786898,0,0
1540913370,23500.0,0.00212979,2786899,0,0
1540913370,23500.0,0.01744681,2786900,0,0
1540913526,23500.0,0.004231,2786903,0,0
1540913599,23500.0,0.00238298,2786904,0,0
1540915661,23490.0,0.02512,2786981,1,0
1540913681,23500.0,0.01787234,2786905,0,0
1540913691,23500.0,0.04255,2786906,0,0
1540915727,23499.4,0.0034895,2786984,1,0
1540915745,23490.0,0.00347903,2786985,1,0
1540913974,23500.0,0.00978723,2786910,0,0
1540913982,23500.0,0.00851064,2786911,0,0
1540914055,23500.0,0.04042553,2786912,0,0
1540914209,23500.0,0.00851064,2786916,0,0
1540915767,23490.0,0.00343578,2786990,1,0
1540915781,23499.4,0.0015305,2786991,1,0
1540915781,23490.0,0.0129695,2786992,1,0
1540914367,23500.0,0.02808228,2786923,0,0
1540915786,23490.0,0.00491204,2786994,1,0
1540915791,23490.0,0.00432884,2786995,1,0
1540915791,23400.95,0.44567116,2786996,1,0
1540915800,23400.95,0.07441,2786997,1,0
1540915908,23499.4,0.00487,2786998,1,0
1540915908,23401.95,0.02137,2786999,1,0
1540915908,23400.95,0.12091884,2787000,1,0
1540914470,23500.0,0.10389198,2786926,0,0
1540915976,23387.0,0.00742,2787002,1,0
1540914492,23500.0,0.12781445,2786927,0,0
1540914492,23500.0,0.05,2786928,0,0
1540914492,23500.0,0.00516427,2786929,0,0
1540914584,23500.0,0.00347573,2786936,0,0
1540914585,23500.0,0.00903481,2786937,0,0
1540914594,23500.0,0.00161702,2786938,0,0
1540914695,23500.0,0.02823405,2786940,0,0
1540914810,23500.0,0.00233412,2786941,0,0
1540914810,23500.0,0.00412,2786942,0,0
1540914810,23500.0,0.00120545,2786943,0,0
1540914839,23500.0,0.0012766,2786944,0,0
1540916115,23396.35,0.00566,2787014,1,0
1540916115,23387.00011,0.01360657,2787015,1,0
1540916115,23387.0001,0.00069343,2787016,1,0
1540914856,23500.0,0.0031722,2786945,0,0
1540914919,23500.0,0.00077575,2786946,0,0
1540916264,23387.0,0.06434,2787019,1,0
1540916293,23387.0,0.15716,2787020,1,0
1540914919,23500.0,0.02907,2786947,0,0
1540914919,23500.0,0.001,2786948,0,0
1540914919,23500.0,0.04967054,2786949,0,0
1540916537,23387.0,0.0247,2787024,1,0
1540914919,23500.0,0.19606981,2786950,0,0
1540916545,23387.0,0.005,2787026,1,0
1540916645,23387.0,0.001,2787027,1,0
1540915050,23500.0,0.01007049,2786952,0,0
1540915066,23500.0,0.0358897,2786954,0,0
1540916832,23387.0,0.00152402,2787030,1,0
1540915066,23500.0,0.02174,2786955,0,0
1540915066,23500.0,0.04643097,2786956,0,0
1540915103,23500.0,0.00106383,2786957,0,0
1540915171,23500.0,0.01277021,2786958,0,0
1540915172,23500.0,0.03973499,2786959,0,0
1540915172,23500.0,0.0028182,2786960,0,0
1540915291,23500.0,0.00464581,2786969,0,0
1540915291,23500.0,0.00134868,2786970,0,0
1540915306,23500.0,0.00105132,2786971,0,0
1540915306,23500.0,0.00124655,2786972,0,0
1540915765,23500.0,0.00096897,2786986,0,0
1540915765,23500.0,0.001,2786987,0,0
1540915765,23500.0,0.001,2786988,0,0
1540915765,23500.0,0.00049103,2786989,0,0
1540917057,23400.0,0.001,2787045,1,0
1540917057,23396.35,0.00565,2787046,1,0
1540917057,23387.00002,0.00072,2787047,1,0
1540915785,23500.0,0.00341,2786993,0,0
1540917105,23387.00001,0.0025,2787049,1,0
1540916041,23500.0,0.00632075,2787007,0,0
1540916067,23500.0,0.0067995,2787009,0,0
1540916987,23500.0,0.02334765,2787039,0,0
1540916987,23500.0,0.01294,2787040,0,0
1540917283,23396.35,0.00565,2787054,1,0
1540917283,23387.00001,0.04815,2787055,1,0
1540917283,23387.0,0.14857598,2787056,1,0
1540917283,23387.0,0.02137939,2787057,1,0
1540917283,23387.0,0.00113793,2787058,1,0
1540917283,23387.0,0.001,2787059,1,0
1540917283,23387.0,0.00169192,2787060,1,0
1540917283,23387.0,0.00151335,2787061,1,0
1540917283,23387.0,0.03874311,2787062,1,0
1540917283,23387.0,0.00423,2787063,1,0
1540917283,23381.01,0.04277,2787064,1,0
1540917284,23380.989,0.88415832,2787065,1,0
1540917979,23500.0,0.0426,2787086,0,0
1540918167,23500.0,0.00170213,2787090,0,0
1540917552,23381.0,0.001,2787068,1,0
1540917552,23381.0,0.00996,2787069,1,0
1540918200,23500.0,0.10076159,2787092,0,0
1540918301,23500.0,0.0212766,2787093,0,0
1540918308,23500.0,0.01393756,2787094,0,0
1540918407,23500.0,0.12766513,2787095,0,0
1540917626,23390.35,0.001,2787074,1,0
1540917720,23390.35,0.00452,2787075,1,0
1540917720,23390.0,0.001,2787076,1,0
1540917720,23381.00002,0.00059,2787077,1,0
1540918472,23500.0,0.00672691,2787099,0,0
1540918510,23500.0,0.07783008,2787100,0,0
1540917822,23400.0,0.00525,2787080,1,0
1540919738,23500.0,0.00212766,2787134,0,0
1540919792,23500.0,0.00425532,2787137,0,0
1540919799,23500.0,0.00173702,2787138,0,0
1540919946,23500.0,0.00399447,2787144,0,0
1540917961,23500.0,0.0075,2787085,1,0
1540920103,23500.0,0.00107404,2787145,0,0
1540918028,23409.36,0.0021,2787087,1,0
1540918044,23409.36,0.00354,2787088,1,0
1540918044,23381.9989,0.0562,2787089,1,0
1540920196,23500.0,0.00254149,2787146,0,0
1540920196,23500.0,0.00315343,2787147,0,0
1540920196,23500.0,0.01961621,2787148,0,0
1540921467,23500.0,0.16069039,2787196,0,0
1540921533,23500.0,0.01276,2787197,0,0
1540921568,23500.0,0.02594961,2787198,0,0
1540918467,23406.36,0.00365,2787096,1,0
1540921906,23500.0,0.00030961,2787207,0,0
1540925001,23500.0,0.004,2787357,0,0
1540928164,23500.0,0.00212766,2787509,0,0
1540928264,23500.0,0.01046809,2787510,0,0
1540928266,23500.0,0.00824425,2787511,0,0
1540916067,23500.01,0.01440117,2787010,0,0
1540918580,23406.36,0.00197,2787103,1,0
1540918580,23406.36,0.00365,2787104,1,0
1540918580,23397.0,0.00499,2787105,1,0
1540916067,23500.74,0.00204722,2787011,0,0
1540916987,23501.0,0.05350808,2787041,0,0
1540918727,23500.0,0.00215,2787108,1,0
1540917400,23507.95,0.00125881,2787066,0,0
1540918765,23500.0,0.001,2787110,1,0
1540918897,23500.0,0.0021,2787111,1,0
1540918899,23500.0,0.00474,2787112,1,0
1540917546,23507.95,0.00425388,2787067,0,0
1540919015,23500.0,0.11767,2787114,1,0
1540919015,23500.0,0.01066406,2787115,1,0
1540919015,23401.0,0.30717594,2787116,1,0
1540919027,23401.0,0.00171,2787117,1,0
1540919063,23401.0,0.00554,2787118,1,0
1540919157,23402.0,0.02127,2787119,1,0
1540919157,23401.0,0.01676,2787120,1,0
1540917569,23507.95,0.00012036,2787070,0,0
1540926485,23509.99599,0.01949382,2787420,0,0
1540926485,23509.996,0.04297606,2787421,0,0
1540926485,23509.99613,0.0480554,2787422,0,0
1540919189,23401.0,0.01816238,2787125,1,0
1540926485,23510.0,0.01,2787423,0,0
1540919327,23410.36,0.00561,2787127,1,0
1540919327,23401.0,0.13111,2787128,1,0
1540926485,23510.0,0.02842447,2787424,0,0
1540917569,23515.0,0.001,2787071,0,0
1540917799,23520.0,0.001,2787078,0,0
1540926485,23520.0,0.01,2787425,0,0
1540919180,23521.0,0.006,2787121,0,0
1540916987,23521.94,0.00564302,2787042,0,0
1540919740,23410.36,0.0056,2787135,1,0
1540919740,23401.0,0.02637,2787136,1,0
1540917225,23521.94,0.00042514,2787050,0,0
1540917232,23521.94,0.00520791,2787051,0,0
1540917848,23521.94,0.00550344,2787081,0,0
1540918745,23521.94,0.00051866,2787109,0,0
1540918981,23521.94,0.00153049,2787113,0,0
1540919867,23401.0,0.01,2787142,1,0
1540919884,23401.0,0.12,2787143,1,0
1540919180,23521.94,0.00355399,2787122,0,0
1540919537,23521.94,0.00559317,2787130,0,0
1540917848,23528.0,0.00365511,2787082,0,0
1540917799,23528.00001,0.00112547,2787079,0,0
1540917848,23528.00001,0.00382453,2787083,0,0
1540916223,23528.99999,0.00135197,2787017,0,0
1540917232,23528.99999,0.00318385,2787052,0,0
1540917570,23528.99999,0.00100538,2787072,0,0
1540920203,23401.0,0.016,2787152,1,0
1540917626,23528.99999,0.00328531,2787073,0,0
1540916068,23529.0,0.01020404,2787012,0,0
1540916069,23529.0,0.01827532,2787013,0,0
1540920442,23401.0,0.06965745,2787156,1,0
1540920444,23401.0,0.0114,2787157,1,0
1540916223,23529.0,0.00906071,2787018,0,0
1540916987,23529.0,0.20756329,2787043,0,0
1540920570,23401.0,0.01121,2787160,1,0
1540917011,23529.0,0.00076501,2787044,0,0
1540917089,23529.0,0.03510561,2787048,0,0
1540917232,23529.0,0.00167873,2787053,0,0
1540917848,23529.0,0.10644598,2787084,0,0
1540918510,23529.0,0.04976808,2787101,0,0
1540918552,23529.0,0.00850015,2787102,0,0
1540920751,23401.0,0.3,2787167,1,0
1540918666,23529.0,0.00867015,2787106,0,0
1540920780,23401.0,0.15,2787169,1,0
1540918682,23529.0,0.00646011,2787107,0,0
1540919180,23529.0,0.00192432,2787123,0,0
1540919182,23529.0,0.0015143,2787124,0,0
1540919251,23529.0,0.00125,2787126,0,0
1540919381,23529.0,0.00724068,2787129,0,0
1540919537,23529.0,0.00447732,2787131,0,0
1540919607,23529.0,0.00382507,2787132,0,0
1540919660,23529.0,0.0170003,2787133,0,0
1540919799,23529.0,0.01186578,2787139,0,0
1540919842,23529.0,0.01062476,2787140,0,0
1540919861,23529.0,0.00425007,2787141,0,0
1540920196,23529.0,0.03350514,2787149,0,0
1540920196,23529.0,0.0015,2787150,0,0
1540920196,23529.0,0.00346604,2787151,0,0
1540920362,23529.0,0.00425007,2787153,0,0
1540921118,23402.00001,0.00557,2787185,1,0
1540920374,23529.0,0.00637511,2787154,0,0
1540921250,23402.00001,0.00511951,2787187,1,0
1540921250,23402.00001,0.01609049,2787188,1,0
1540921266,23402.00001,0.00951,2787189,1,0
1540920381,23529.0,0.00212504,2787155,0,0
1540920461,23529.0,0.00042501,2787158,0,0
1540920497,23529.0,0.00255004,2787159,0,0
1540921411,23402.00002,0.00678724,2787193,1,0
1540921411,23402.00001,0.00221276,2787194,1,0
1540920577,23529.0,0.00212504,2787161,0,0
1540920660,23529.0,0.025,2787162,0,0
1540920672,23529.0,0.01107754,2787163,0,0
1540920688,23529.0,0.00850015,2787164,0,0
1540921589,23500.0,0.005,2787199,1,0
1540920692,23529.0,0.00425007,2787165,0,0
1540920751,23529.0,0.01024268,2787166,0,0
1540920753,23529.0,0.01714461,2787168,0,0
1540920781,23529.0,0.00212504,2787170,0,0
1540921823,23500.0,0.01,2787204,1,0
1540920813,23529.0,0.07524356,2787171,0,0
1540921897,23500.0,0.00160039,2787206,1,0
1540920813,23529.0,0.01,2787172,0,0
1540920813,23530.0,0.11233,2787173,0,0
1540921920,23450.0,0.01345,2787209,1,0
1540921920,23402.0,0.03678,2787210,1,0
1540925001,23532.0,0.00853432,2787358,0,0
1540925001,23532.0,0.00100875,2787359,0,0
1540924357,23532.124,0.04955,2787340,0,0
1540921977,23402.00002,0.0067876,2787214,1,0
1540921977,23402.00001,0.04596,2787215,1,0
1540921977,23402.0,0.17772,2787216,1,0
1540921977,23402.0,0.00427314,2787217,1,0
1540921977,23401.0,0.08690423,2787218,1,0
1540921977,23401.0,0.00214,2787219,1,0
1540921977,23400.0,0.001,2787220,1,0
1540921977,23400.0,0.15521503,2787221,1,0
1540922027,23400.00001,0.00221,2787222,1,0
1540922027,23400.0,0.02014,2787223,1,0
1540924357,23532.13999,0.01631,2787341,0,0
1540924411,23532.13999,0.00590904,2787342,0,0
1540922045,23400.00001,0.0011,2787226,1,0
1540924411,23532.13999,0.00258997,2787343,0,0
1540925001,23532.13999,0.00474003,2787360,0,0
1540922276,23400.00001,0.00234,2787229,1,0
1540924344,23532.188,0.04095879,2787339,0,0
1540925001,23532.36,0.00146892,2787361,0,0
1540924272,23532.50799,0.00424944,2787336,0,0
1540924041,23533.5,0.0212,2787324,0,0
1540924025,23533.58,0.00212462,2787322,0,0
1540924026,23533.58,0.00424925,2787323,0,0
1540925001,23533.6,0.00478606,2787362,0,0
1540923989,23533.73999,0.00455384,2787320,0,0
1540923989,23533.74,0.04579862,2787321,0,0
1540923975,23533.788,0.03611828,2787319,0,0
1540923928,23534.90799,0.01342686,2787318,0,0
1540923924,23534.92399,0.004249,2787317,0,0
1540922711,23398.00001,0.0089571,2787242,1,0
1540922711,23398.00001,0.0022429,2787243,1,0
1540926013,23536.97908,0.00212432,2787404,0,0
1540926013,23536.97908,0.02095442,2787405,0,0
1540926013,23536.97909,0.04287972,2787406,0,0
1540926118,23536.97962,0.00212988,2787412,0,0
1540926013,23536.98,0.02113853,2787407,0,0
1540926485,23536.98,0.0103906,2787426,0,0
1540923039,23402.00001,0.00821208,2787250,1,0
1540923039,23402.00001,0.04819,2787251,1,0
1540923039,23402.0,0.030011,2787252,1,0
1540923039,23398.0,0.01962,2787253,1,0
1540923039,23398.0,0.00211,2787254,1,0
1540923039,23398.0,0.00427741,2787255,1,0
1540923039,23398.0,0.00376462,2787256,1,0
1540923039,23397.0,0.00381489,2787257,1,0
1540923123,23398.00001,0.0014497,2787258,1,0
1540923123,23398.0,0.01124,2787259,1,0
1540923123,23398.0,0.00101179,2787260,1,0
1540923123,23397.0,0.01854511,2787261,1,0
1540923123,23393.0,0.0044076,2787262,1,0
1540923123,23388.13333,0.0010033,2787263,1,0
1540923123,23383.0,0.001,2787264,1,0
1540923123,23383.0,0.0340025,2787265,1,0
1540923693,23536.99962,0.01274589,2787310,0,0
1540923132,23383.00001,0.00556739,2787267,1,0
1540923132,23383.0,0.00966115,2787268,1,0
1540923132,23381.0,0.00077146,2787269,1,0
1540923154,23381.0,0.00374714,2787270,1,0
1540923154,23380.2,0.172,2787271,1,0
1540923154,23380.0,0.38372774,2787272,1,0
1540923154,23380.0,0.0048241,2787273,1,0
1540923154,23355.00001,0.00353011,2787274,1,0
1540923154,23355.0,0.0022,2787275,1,0
1540923154,23350.0,0.00313,2787276,1,0
1540923154,23346.0,0.17043,2787277,1,0
1540923154,23345.99,0.15541091,2787278,1,0
1540925126,23536.99984,0.00494484,2787365,0,0
1540925126,23536.99985,0.03866623,2787366,0,0
1540925076,23536.99999,0.00108632,2787364,0,0
1540923183,23345.99015,0.01764658,2787282,1,0
1540923183,23345.99014,0.0428339,2787283,1,0
1540923183,23345.99,0.00958952,2787284,1,0
1540923240,23345.99,0.0077,2787285,1,0
1540923292,23345.99,0.0081,2787286,1,0
1540920813,23537.0,0.02057,2787174,0,0
1540923355,23345.99,0.00217,2787288,1,0
1540925001,23537.0,0.00591524,2787363,0,0
1540923361,23345.99,0.00579,2787290,1,0
1540925126,23537.0,0.04394476,2787367,0,0
1540925126,23537.0,0.055,2787368,0,0
1540922928,23540.0,0.00100871,2787247,0,0
1540923156,23548.99995,0.01685134,2787279,0,0
1540923128,23548.99999,0.00212323,2787266,0,0
1540923156,23549.0,0.02992,2787280,0,0
1540923656,23549.356,0.0021232,2787309,0,0
1540923471,23549.88657,0.02291643,2787294,0,0
1540923485,23349.00008,0.00425,2787299,1,0
1540923622,23380.0,0.01,2787300,1,0
1540923622,23360.00025,0.01949592,2787301,1,0
1540923622,23360.00024,0.04292336,2787302,1,0
1540923622,23360.00022,0.04829,2787303,1,0
1540923622,23360.0,0.01,2787304,1,0
1540923622,23360.0,0.001,2787305,1,0
1540923622,23349.0,0.050012,2787306,1,0
1540923622,23349.0,0.00856,2787307,1,0
1540923622,23345.99,0.31468872,2787308,1,0
1540923471,23549.88658,0.04270539,2787295,0,0
1540923471,23549.88678,0.04804543,2787296,0,0
1540923714,23360.00001,0.00985,2787311,1,0
1540923767,23360.00001,0.00143712,2787312,1,0
1540923767,23360.0,0.00515288,2787313,1,0
1540923777,23360.0,0.00484712,2787314,1,0
1540923777,23345.99003,0.00159554,2787315,1,0
1540923777,23345.99002,0.00095734,2787316,1,0
1540923415,23549.88726,0.00173674,2787293,0,0
1540923378,23549.88771,0.00013933,2787292,0,0
1540923471,23549.89,0.00435526,2787297,0,0
1540926514,23549.98999,0.00463543,2787428,0,0
1540926699,23549.98999,0.05,2787431,0,0
1540925448,23549.99,0.00424974,2787377,0,0
1540925557,23549.99,0.00212314,2787378,0,0
1540925684,23549.99,0.08522297,2787379,0,0
1540924076,23360.00001,0.02040116,2787325,1,0
1540924076,23360.0,0.00018884,2787326,1,0
1540924142,23360.0,0.00194236,2787327,1,0
1540924142,23360.0,0.015,2787328,1,0
1540924142,23350.10001,0.00128135,2787329,1,0
1540924142,23350.1,0.0235545,2787330,1,0
1540924142,23350.1,0.00307179,2787331,1,0
1540924144,23350.1,0.00692821,2787332,1,0
1540924144,23346.0,0.001,2787333,1,0
1540924144,23345.99004,0.03356,2787334,1,0
1540924144,23345.99,0.95851179,2787335,1,0
1540926485,23549.99,0.19224121,2787427,0,0
1540924276,23345.99002,0.00460287,2787337,1,0
1540924276,23345.99001,0.00539713,2787338,1,0
1540926514,23549.99,0.00513103,2787429,0,0
1540926629,23549.99,0.01751,2787430,0,0
1540926699,23549.99,0.178719,2787432,0,0
1540926699,23549.99,0.03806165,2787433,0,0
1540926699,23549.99,0.0256044,2787434,0,0
1540924463,23345.99002,0.0021,2787344,1,0
1540924521,23345.99002,0.01,2787345,1,0
1540927345,23549.99,0.00170761,2787454,0,0
1540927962,23549.995,0.02115021,2787495,0,0
1540924553,23345.99,0.0074,2787348,1,0
1540924603,23345.99009,0.0068,2787349,1,0
1540924640,23345.99009,0.00433988,2787350,1,0
1540927962,23549.99501,0.00529292,2787496,0,0
1540927951,23549.99508,0.02123143,2787494,0,0
1540924846,23345.99,0.08976,2787353,1,0
1540924957,23345.99,0.00412,2787354,1,0
1540927932,23549.99531,0.00241179,2787493,0,0
1540927911,23549.99552,0.00402819,2787492,0,0
1540927684,23549.99555,0.00832744,2787470,0,0
1540927684,23549.99555,0.0480623,2787471,0,0
1540927684,23549.99556,0.01656178,2787472,0,0
1540927667,23549.99562,0.00833409,2787466,0,0
1540927667,23549.99563,0.01289734,2787467,0,0
1540927604,23549.99593,0.00467091,2787464,0,0
1540927851,23549.99599,0.00424629,2787488,0,0
1540927559,23549.99615,0.00212314,2787460,0,0
1540927506,23549.99645,0.00420382,2787458,0,0
1540927726,23549.9969,0.01273886,2787473,0,0
1540927785,23549.9969,0.00726014,2787474,0,0
1540927392,23549.99703,0.00213,2787457,0,0
1540925128,23537.0,0.04814513,2787369,1,0
1540925228,23537.0,0.00354,2787370,1,0
1540925282,23537.0,0.08711,2787371,1,0
1540927345,23549.99725,0.00274504,2787455,0,0
1540927346,23549.99725,0.00212314,2787456,0,0
1540927328,23549.99733,0.00189045,2787453,0,0
1540925437,23549.99,0.001,2787375,1,0
1540925439,23549.99,0.0227792,2787376,1,0
1540927273,23549.99763,0.00383092,2787451,0,0
1540927273,23549.99763,0.00041536,2787452,0,0
1540927179,23549.99808,0.00424628,2787450,0,0
1540925704,23537.0,0.00160173,2787380,1,0
1540925732,23537.0,0.1,2787381,1,0
1540925743,23537.0,0.1,2787382,1,0
1540925759,23537.0,0.1,2787383,1,0
1540925774,23537.0,0.1,2787384,1,0
1540925789,23537.0,0.1,2787385,1,0
1540925804,23537.0,0.1,2787386,1,0
1540925822,23537.0,0.1,2787387,1,0
1540925837,23537.0,0.1,2787388,1,0
1540925847,23537.0,0.00398644,2787389,1,0
1540925852,23537.0,0.1,2787390,1,0
1540925867,23537.0,0.1,2787391,1,0
1540925879,23537.0,0.1,2787392,1,0
1540925897,23537.0,0.1,2787393,1,0
1540925911,23537.0,0.1,2787394,1,0
1540925925,23537.0,0.06347087,2787395,1,0
1540925925,23537.0,0.0031,2787396,1,0
1540925925,23537.0,0.0019,2787397,1,0
1540925940,23345.99024,0.04300875,2787398,1,0
1540925940,23345.99021,0.02315601,2787399,1,0
1540925940,23345.99,0.00230611,2787400,1,0
1540925959,23345.99001,0.0224,2787401,1,0
1540925975,23345.99001,0.0258,2787402,1,0
1540925975,23345.99,0.37493,2787403,1,0
1540927145,23549.99823,0.00042463,2787449,0,0
1540927785,23549.9983,0.01547986,2787475,0,0
1540927793,23549.9983,0.03452014,2787476,0,0
1540927008,23549.99946,0.01698514,2787446,0,0
1540926086,23345.99052,0.04310082,2787408,1,0
1540926086,23345.99049,0.01440918,2787409,1,0
1540926108,23345.99049,0.00877863,2787410,1,0
1540926108,23345.99,0.01250137,2787411,1,0
1540922231,23549.99998,0.00184141,2787227,0,0
1540926161,23345.99003,0.00214086,2787413,1,0
1540926161,23345.99,0.00085914,2787414,1,0
1540926263,23345.99,0.00516,2787415,1,0
1540926271,23345.99,0.088,2787416,1,0
1540926301,23345.99,0.00703,2787417,1,0
1540926357,23345.99,0.40614,2787418,1,0
1540926421,23345.99,0.00109,2787419,1,0
1540922380,23549.99998,0.00233267,2787230,0,0
1540922928,23549.99998,0.04145456,2787248,0,0
1540922981,23549.99998,0.00212314,2787249,0,0
1540923156,23549.99998,0.11463192,2787281,0,0
1540923471,23549.99998,0.090046,2787298,0,0
1540925306,23549.99998,0.00764331,2787372,0,0
1540925315,23549.99998,0.00425,2787373,0,0
1540925323,23549.99998,0.12739113,2787374,0,0
1540926699,23549.99998,0.00485499,2787435,0,0
1540926952,23549.99998,0.00988684,2787439,0,0
1540927793,23549.99998,0.27551761,2787477,0,0
1540927973,23549.99998,0.0354805,2787498,0,0
1540920847,23549.99999,0.00233546,2787176,0,0
1540920856,23549.99999,0.0413794,2787177,0,0
1540921187,23549.99999,0.00424,2787186,0,0
1540921380,23549.99999,0.00677085,2787190,0,0
1540926857,23345.99158,0.01,2787436,1,0
1540926887,23345.99158,0.00772029,2787437,1,0
1540921380,23549.99999,0.02552369,2787191,0,0
1540921973,23549.99999,0.00676606,2787211,0,0
1540926961,23345.99188,0.02523599,2787440,1,0
1540926961,23345.99187,0.04314811,2787441,1,0
1540926961,23345.99158,0.03256529,2787442,1,0
1540926961,23345.99,2.79905061,2787443,1,0
1540926964,23345.99185,0.033,2787444,1,0
1540926978,23346.0,0.01528,2787445,1,0
1540921973,23549.99999,0.00220612,2787212,0,0
1540927019,23347.99994,0.00882,2787447,1,0
1540922042,23549.99999,0.00676642,2787224,0,0
1540922042,23549.99999,0.014465,2787225,0,0
1540922231,23549.99999,0.01089744,2787228,0,0
1540922449,23549.99999,0.01061571,2787233,0,0
1540922456,23549.99999,0.00164968,2787234,0,0
1540922468,23549.99999,0.01039766,2787235,0,0
1540922768,23549.99999,0.00960661,2787244,0,0
1540922768,23549.99999,0.00223617,2787245,0,0
1540920813,23550.0,0.18543623,2787175,0,0
1540920856,23550.0,0.0393006,2787178,0,0
1540920877,23550.0,0.0913,2787179,0,0
1540927551,23400.00131,0.00442,2787459,1,0
1540920903,23550.0,0.00509554,2787180,0,0
1540927589,23400.00131,0.0060711,2787461,1,0
1540927589,23400.00131,0.01984,2787462,1,0
1540927589,23400.0013,0.0225324,2787463,1,0
1540920979,23550.0,0.01061571,2787181,0,0
1540927616,23400.0013,0.0014,2787465,1,0
1540921003,23550.0,0.014862,2787182,0,0
1540921017,23550.0,0.00212314,2787183,0,0
1540927680,23400.00131,0.00835377,2787468,1,0
1540927680,23400.0013,0.01774623,2787469,1,0
1540921058,23550.0,0.00424628,2787184,0,0
1540921380,23550.0,0.05263115,2787192,0,0
1540921598,23550.0,0.00402819,2787200,0,0
1540921750,23550.0,0.00169,2787201,0,0
1540921777,23550.0,0.02127856,2787202,0,0
1540921815,23550.0,0.00106157,2787203,0,0
1540921892,23550.0,0.00768,2787205,0,0
1540921906,23550.0,0.00181419,2787208,0,0
1540927808,23400.00131,0.001,2787478,1,0
1540927831,23400.00131,0.00730958,2787479,1,0
1540927831,23400.0,0.08447,2787480,1,0
1540927831,23400.0,0.01,2787481,1,0
1540927831,23400.0,0.00213676,2787482,1,0
1540927831,23353.05,0.1,2787483,1,0
1540927831,23347.99992,0.0209,2787484,1,0
1540927831,23346.9,0.02141611,2787485,1,0
1540927831,23346.0,0.04000362,2787486,1,0
1540927831,23345.99,0.41376539,2787487,1,0
1540921973,23550.0,0.00588982,2787213,0,0
1540927875,23345.9902,0.00308,2787489,1,0
1540927876,23345.9902,0.00971679,2787490,1,0
1540927876,23345.99019,0.02902321,2787491,1,0
1540922380,23550.0,0.00808134,2787231,0,0
1540922380,23550.0,0.05477707,2787232,0,0
1540922468,23550.0,0.00701211,2787236,0,0
1540922494,23550.0,0.00849257,2787237,0,0
1540922610,23550.0,0.01912951,2787238,0,0
1540927968,23549.99522,0.07653,2787497,1,0
1540922677,23550.0,0.21235669,2787239,0,0
1540922688,23550.0,0.00042463,2787240,0,0
1540927979,23549.99522,0.04155,2787500,1,0
1540922695,23550.0,0.00042463,2787241,0,0
1540922768,23550.0,0.00467282,2787246,0,0
1540927973,23550.0,0.00698235,2787499,0,0
1540928023,23550.0,0.0990633,2787501,0,0
1540928023,23550.0,0.02634,2787502,0,0
1540928023,23550.0,0.001,2787503,0,0
1540928023,23550.0,0.00352606,2787504,0,0
1540928023,23550.0,0.001,2787505,0,0
1540928023,23550.0,0.01035,2787506,0,0
1540928023,23550.0,0.1865338,2787507,0,0
1540928037,23550.0,0.02532828,2787508,0,0
1540928266,23550.0,0.14039321,2787512,0,0
1540928276,23550.0,0.0021414,2787513,0,0
1540928358,23550.0,0.00247636,2787514,0,0
1540928367,23500.0,0.00176,2787515,1,0
1540928367,23410.0,0.00336,2787516,1,1
1540928452,23411.0,0.01903,2787517,1,1
1540928497,23411.0,0.02019,2787518,1,1
1540928539,23411.0,0.01,2787519,1,1
1540928550,23550.0,0.00424628,2787520,0,0
1540928552,23550.0,0.00100704,2787521,0,0
1540928552,23550.0,0.00849257,2787522,0,0
1540928588,23411.0,0.014,2787523,1,1
1540928633,23411.0,0.00212,2787524,1,1
1540928633,23550.0,0.00172,2787525,0,0
1540928640,23550.0,0.02123142,2787526,0,0
1540928793,23550.0,0.08492569,2787527,0,0
1540928842,23550.0,0.02605094,2787528,0,0
1540928842,23550.0,0.00584,2787529,0,0
1540928842,23550.0,0.00421885,2787530,0,0
1540928842,23550.0,0.001,2787531,0,0
1540928842,23550.0,0.00213,2787532,0,0
1540928842,23550.0,0.05525943,2787533,0,0
1540928842,23550.0,0.41,2787534,0,0
1540928842,23550.0,0.00628,2787535,0,0
1540928842,23555.0,0.02849286,2787536,0,0
1540928849,23451.0,0.00427,2787537,1,1
1540928877,23555.0,0.06168454,2787538,0,0
1540928877,23560.0,0.02110232,2787539,0,0
1540928917,23560.0,0.10574018,2787540,0,0
1540928929,23451.0,0.22,2787541,1,1
1540928964,23560.0,0.01549236,2787542,0,0
1540928971,23451.0,0.0312,2787543,1,1
1540929002,23560.0,0.00766514,2787544,0,0
1540929002,23560.0,0.01500087,2787545,0,0
1540929622,23588.88888,0.00129,2787580,0,0
1540929995,23590.0,0.04239084,2787597,0,0
1540930000,23590.0,0.00211954,2787598,0,0
1540930001,23590.0,0.01695634,2787599,0,0
1540930031,23590.0,0.00503524,2787600,0,0
1540929083,23461.0,0.0072,2787551,1,1
1540929096,23461.0,0.04994,2787552,1,1
1540930085,23590.0,0.00402819,2787603,0,0
1540930141,23590.0,0.02543451,2787604,0,0
1540930203,23590.0,0.01099,2787605,0,0
1540930276,23590.0,0.00969534,2787606,0,0
1540930276,23590.0,0.03583238,2787607,0,0
1540929002,23592.99989,0.001986,2787546,0,0
1540929002,23593.08,0.00336538,2787547,0,0
1540929153,23599.0,0.00211,2787553,0,0
1540929173,23599.0,0.05486,2787554,0,0
1540929002,23600.0,0.003,2787548,0,0
1540929002,23600.0,0.006979,2787549,0,0
1540929002,23600.0,0.0340775,2787550,0,0
1540929173,23600.0,0.03822006,2787555,0,0
1540929173,23600.0,0.00275,2787556,0,0
1540929233,23682.96,0.00252,2787567,1,1
1540929233,23682.96,0.02155,2787568,1,1
1540929173,23600.01,0.00414031,2787557,0,0
1540929235,23595.24,0.0010031,2787570,1,1
1540929235,23461.13004,0.0252569,2787571,1,1
1540931400,23609.99999,0.01117828,2787655,0,0
1540931400,23610.0,0.00225,2787656,0,0
1540931752,23617.3,0.00931494,2787662,0,0
1540929248,23461.14003,0.02407,2787575,1,1
1540931401,23618.99963,0.0146384,2787657,0,0
1540929341,23461.59,0.00487,2787577,1,1
1540931308,23618.99982,0.00203,2787654,0,0
1540931282,23618.99988,0.00211694,2787652,0,0
1540931669,23618.99999,0.00187339,2787659,0,0
1540931965,23618.99999,0.01682468,2787667,0,0
1540931965,23618.99999,0.0153241,2787668,0,0
1540931401,23619.0,0.01427723,2787658,0,0
1540931669,23619.0,0.00836277,2787660,0,0
1540931670,23619.0,0.00246548,2787661,0,0
1540929706,23500.01001,0.00787841,2787586,1,1
1540929706,23500.01,0.02379159,2787587,1,1
1540931752,23619.0,0.00127043,2787663,0,0
1540931823,23619.0,0.00846,2787664,0,0
1540931965,23619.0,0.00780705,2787669,0,0
1540931965,23619.0,0.03279,2787670,0,0
1540929882,23501.00001,0.00173408,2787592,1,1
1540929882,23501.00001,0.04802,2787593,1,1
1540929882,23501.0,0.00852,2787594,1,1
1540929882,23500.0,0.01122592,2787595,1,1
1540929984,23501.0,0.001,2787596,1,1
1540930504,23619.89886,0.00423372,2787624,0,0
1540930440,23619.89888,0.0105843,2787623,0,0
1540930559,23619.89897,0.00466447,2787626,0,0
1540930559,23619.89898,0.01735087,2787627,0,0
1540930069,23501.0,0.01087,2787601,1,1
1540930069,23501.0,0.00913,2787602,1,1
1540930602,23619.89898,0.03052507,2787629,0,0
1540930576,23619.89899,0.064,2787628,0,0
1540930602,23619.89899,0.01268,2787630,0,0
1540930376,23619.9,0.002,2787612,0,0
1540930742,23619.99,0.00486876,2787632,0,0
1540930785,23619.99,0.00071124,2787633,0,0
1540930336,23501.0,0.0005102,2787609,1,1
1540930336,23500.0,0.0154898,2787610,1,1
1540930360,23500.0,0.00247,2787611,1,1
1540930999,23619.99979,0.0178473,2787641,0,0
1540931109,23619.99986,0.00211685,2787648,0,0
1540930391,23500.0,0.20201428,2787614,1,1
1540930391,23500.0,0.04255,2787615,1,1
1540930391,23500.0,0.001,2787616,1,1
1540930391,23481.0,0.01,2787617,1,1
1540930391,23451.00001,0.00791603,2787618,1,1
1540930391,23451.0,0.40251969,2787619,1,1
1540930409,23451.0,0.00302031,2787620,1,1
1540930409,23450.0,0.00921368,2787621,1,1
1540931016,23619.99999,0.00981342,2787644,0,0
1540931016,23619.99999,0.00921981,2787645,0,0
1540930536,23450.00001,0.00182,2787625,1,1
1540931965,23619.99999,0.09660526,2787671,0,0
1540932012,23619.99999,0.0338696,2787672,0,0
1540932035,23619.99999,0.0211685,2787673,0,0
1540932039,23619.99999,0.0211685,2787674,0,0
1540932147,23619.99999,0.0083569,2787675,0,0
1540932183,23619.99999,0.0042337,2787676,0,0
1540930276,23620.0,0.03835737,2787608,0,0
1540930376,23620.0,0.00104827,2787613,0,0
1540930602,23620.0,0.04569724,2787631,0,0
1540930785,23620.0,0.01537682,2787634,0,0
1540930836,23450.00061,0.01788792,2787636,1,1
1540930836,23450.0,0.01216208,2787637,1,1
1540930835,23620.0,0.00402873,2787635,0,0
1540930904,23450.00001,0.0119,2787639,1,1
1540930924,23450.00001,0.00503,2787640,1,1
1540930838,23620.0,0.0042337,2787638,0,0
1540930999,23620.0,0.0244897,2787642,0,0
1540931000,23450.00002,0.01,2787643,1,1
1540929821,23630.0,0.02,2787588,0,0
1540929821,23640.0,0.168,2787589,0,0
1540931039,23450.90005,0.01761653,2787646,1,1
1540931039,23450.9,0.02271347,2787647,1,1
1540929821,23643.99999,0.00478183,2787590,0,0
1540931227,23617.99998,0.00423,2787649,1,1
1540931243,23451.00002,0.00195503,2787650,1,1
1540931243,23451.0,0.00227497,2787651,1,1
1540929821,23644.0,0.01440528,2787591,0,0
1540931283,23451.00001,0.007,2787653,1,1
1540929622,23648.81,0.0048554,2787581,0,0
1540929622,23649.99992,0.00778882,2787582,0,0
1540929622,23649.99993,0.02399779,2787583,0,0
1540929173,23650.0,0.01767,2787558,0,0
1540929173,23650.0,0.001,2787559,0,0
1540929173,23650.0,0.00119,2787560,0,0
1540929174,23650.0,0.0179325,2787561,0,0
1540929622,23650.0,0.04663816,2787584,0,0
1540929649,23650.0,0.0422833,2787585,0,0
1540929174,23662.02515,0.001,2787562,0,0
1540929400,23680.80999,0.00211141,2787579,0,0
1540931954,23452.00021,0.01705979,2787665,1,1
1540931954,23452.0002,0.01537021,2787666,1,1
1540929234,23682.94,0.0081071,2787569,0,0
1540929236,23682.94,0.01054879,2787572,0,0
1540929207,23682.96,0.00171,2787565,0,0
1540929344,23687.99399,0.00421953,2787578,0,0
1540929280,23689.99969,0.00067539,2787576,0,0
1540929174,23689.99998,0.00178072,2787563,0,0
1540929174,23690.0,0.02875113,2787564,0,0
1540929219,23690.0,0.01266315,2787566,0,0
1540929236,23690.0,0.04011121,2787573,0,0
1540929239,23690.0,0.00295483,2787574,0,